<?xml version="1.0" encoding="UTF-8"?><record xmlns="http://www.loc.gov/MARC21/slim" xmlns:cinclude="http://apache.org/cocoon/include/1.0" xmlns:zs="http://www.loc.gov/zing/srw/">
  <leader>00389nz  a2200121n  4500</leader>
  <controlfield tag="001">n  93057081 </controlfield>
  <controlfield tag="003">DLC</controlfield>
  <controlfield tag="005">19930616141209.7</controlfield>
  <controlfield tag="008">930616n| acannaab|          |n aaa |||  </controlfield>
  <datafield tag="010" ind1=" " ind2=" ">
    <subfield code="a">n  93057081 </subfield>
  </datafield>
  <datafield tag="040" ind1=" " ind2=" ">
    <subfield code="a">DLC</subfield>
    <subfield code="c">DLC</subfield>
  </datafield>
  <datafield tag="100" ind1="1" ind2="0">
    <subfield code="a">Webster, M. Lloyd</subfield>
  </datafield>
  <datafield tag="670" ind1=" " ind2=" ">
    <subfield code="a">With a clear mind you can see forever, c1992:</subfield>
    <subfield code="b">t.p. (M. Lloyd Webster) jkt. (b. in Dallas, Tex.; grad of Southern Methodist University)</subfield>
  </datafield>
</record>